% This file was created with JabRef 2.7.1.
% Encoding: UTF8

@INPROCEEDINGS{Abowd1999,
  author = {Abowd, Gregory and da Gra{\c{c}}a Pimentel, Maria and Kerimbaev,
	Bolot and Ishiguro, Yoshihide and Guzdial, Mark},
  title = {Anchoring discussions in lecture: An approach to collaboratively
	extending classroom digital media},
  booktitle = {Proceedings of the 1999 conference on Computer support for collaborative
	learning},
  year = {1999},
  pages = {1},
  organization = {International Society of the Learning Sciences},
  file = {:C\:\\papers_aksw\\2014\\Collaborative_Authoring_Survey\\papers\\CSCL-C2K.pdf:PDF}
}

@INCOLLECTION{Achananuparp2007,
  author = {Achananuparp, Palakorn and McCain, Katherine W and Allen, Robert
	B},
  title = {Supporting student collaboration for image indexing},
  booktitle = {Asian Digital Libraries. Looking Back 10 Years and Forging New Frontiers},
  publisher = {Springer},
  year = {2007},
  pages = {24--34},
  file = {:C\:\\papers_aksw\\2014\\Collaborative_Authoring_Survey\\papers\\48220024.pdf:PDF}
}

@INPROCEEDINGS{Agnew2010,
  author = {Agnew, Grace and Mills, Chad M and Maher, Carolyn A},
  title = {VMCAnalytic: Developing a collaborative video analysis tool for education
	faculty and practicing educators},
  booktitle = {System Sciences (HICSS), 2010 43rd Hawaii International Conference
	on},
  year = {2010},
  pages = {1--10},
  organization = {IEEE},
  file = {:C\:\\papers_aksw\\2014\\Collaborative_Authoring_Survey\\papers\\05428756.pdf:PDF}
}

@ARTICLE{Albors2008,
  author = {Albors, Jordi and Ramos, Juan C and Hervas, Jose L},
  title = {New learning network paradigms: Communities of objectives, crowdsourcing,
	wikis and open source},
  journal = {International Journal of Information Management},
  year = {2008},
  volume = {28},
  pages = {194--202},
  number = {3},
  file = {:C\:\\papers_aksw\\2014\\Collaborative_Authoring_Survey\\papers\\1-s2.0-S0268401207001181-main.pdf:PDF},
  publisher = {Elsevier}
}

@INPROCEEDINGS{Aleahmad2008,
  author = {Aleahmad, Turadg and Aleven, Vincent and Kraut, Robert},
  title = {Open community authoring of targeted worked example problems},
  booktitle = {Intelligent tutoring systems},
  year = {2008},
  pages = {216--227},
  organization = {Springer},
  file = {:C\:\\papers_aksw\\2014\\Collaborative_Authoring_Survey\\papers\\Aleahmad et al - Open Community Authoring of Targeted Worked Example Problems - ITS 2008.pdf:PDF}
}

@INPROCEEDINGS{Allison2011,
  author = {Allison, Colin and Miller, Alan and Sturgeon, Thomas and Perera,
	Indika and McCaffrey, John},
  title = {The third dimension in open learning},
  booktitle = {Frontiers in Education Conference (FIE), 2011},
  year = {2011},
  pages = {T2E--1},
  organization = {IEEE},
  file = {:C\:\\papers_aksw\\2014\\Collaborative_Authoring_Survey\\papers\\1488.pdf:PDF}
}

@ARTICLE{anand1987using,
  author = {Anand, Padma G and Ross, Steven M},
  title = {Using computer-assisted instruction to personalize arithmetic materials
	for elementary school children.},
  journal = {Journal of educational psychology},
  year = {1987},
  volume = {79},
  pages = {72},
  number = {1},
  publisher = {American Psychological Association}
}

@BOOK{andersen2007web,
  title = {What is Web 2.0?: ideas, technologies and implications for education},
  publisher = {JISC Bristol, UK},
  year = {2007},
  author = {Andersen, Per},
  volume = {1},
  number = {1}
}

@INPROCEEDINGS{Arias-Baez2012,
  author = {Arias-Baez, Mar{\'\i}a Paula and Torres-Ribero, Luis Guillermo and
	Carrillo-Ramos, Angela and Quimbaya, AP and Gonzalez, E},
  title = {Platform based on agents for support to the collaboration of work
	teams},
  booktitle = {Computing Congress (CCC), 2012 7th Colombian},
  year = {2012},
  pages = {1--6},
  organization = {IEEE},
  file = {:C\:\\papers_aksw\\2014\\Collaborative_Authoring_Survey\\papers\\06398037.pdf:PDF}
}

@INCOLLECTION{Auinger2009,
  author = {Auinger, Andreas and Ebner, Martin and Nedbal, Dietmar and Holzinger,
	Andreas},
  title = {Mixing content and endless collaboration--MashUps: Towards future
	personal learning environments},
  booktitle = {Universal Access in Human-Computer Interaction. Applications and
	Services},
  publisher = {Springer},
  year = {2009},
  pages = {14--23},
  file = {:C\:\\papers_aksw\\2014\\Collaborative_Authoring_Survey\\papers\\1096_HCII09_Mashups_Auinger.pdf:PDF}
}

@ARTICLE{Bafoutsou2002,
  author = {Bafoutsou, Georgia and Mentzas, Gregoris},
  title = {Review and functional classification of collaborative systems},
  journal = {International journal of information management},
  year = {2002},
  volume = {22},
  pages = {281--305},
  number = {4},
  file = {:C\:\\papers_aksw\\2014\\Collaborative_Authoring_Survey\\papers\\review-and-functional-classification-of-web-based-collaborative-systems.pdf:PDF},
  publisher = {Elsevier}
}

@ARTICLE{Begona2011,
  author = {Bego{\~n}a, Montero-Fleta and Carmen, P{\'e}rez-Sabater},
  title = {Knowledge construction and knowledge sharing: a Wiki-based approach},
  journal = {Procedia-Social and Behavioral Sciences},
  year = {2011},
  volume = {28},
  pages = {622--627},
  file = {:C\:\\papers_aksw\\2014\\Collaborative_Authoring_Survey\\papers\\1-s2.0-S1877042811025572-main.pdf:PDF},
  publisher = {Elsevier}
}

@ARTICLE{blau2013collaboration,
  author = {Blau, Ina},
  title = {E-Collaboration Within, Between, and Without Institutions: Towards
	Better Functioning of},
  journal = {Interdisciplinary Applications of Electronic Collaboration Approaches
	and Technologies},
  year = {2013},
  pages = {188},
  file = {:C\:\\papers_aksw\\2014\\Collaborative_Authoring_Survey\\papers\\JeC - e-collaboration within, between and without institutions.pdf:PDF},
  publisher = {IGI Global}
}

@BOOK{Bonk2009,
  title = {The world is open: How web technology is revolutionizing education},
  publisher = {John Wiley \& Sons},
  year = {2009},
  author = {Bonk, Curtis J},
  file = {:C\:\\papers_aksw\\2014\\Collaborative_Authoring_Survey\\papers\\_we_all_learn.pdf:PDF}
}

@INPROCEEDINGS{Bosnic2010,
  author = {Bosnic, Ivana and Po{\c s}{\' c}i{\' c}, Antonio and Ackar, Ivan
	and {\u Z}ibrat, Zvonko and Zagar, Mario},
  title = {Online collaborative presentations},
  booktitle = {Information Technology Interfaces (ITI), 2010 32nd International
	Conference on},
  year = {2010},
  pages = {337--342},
  organization = {IEEE},
  file = {:C\:\\papers_aksw\\2014\\Collaborative_Authoring_Survey\\papers\\08-02-173.pdf:PDF}
}

@ARTICLE{Bow2013,
  author = {Bow, Hansen C and Dattilo, Jonathan R and Jonas, Andrea M and Lehmann,
	Christoph U},
  title = {A crowdsourcing model for creating preclinical medical education
	study tools},
  journal = {Academic Medicine},
  year = {2013},
  volume = {88},
  pages = {766--770},
  number = {6},
  file = {:C\:\\papers_aksw\\2014\\Collaborative_Authoring_Survey\\papers\\00001888-201306000-00015.pdf:PDF},
  publisher = {LWW}
}

@ARTICLE{Bradley2010,
  author = {Bradley, Linda and Lindstr{\"o}m, Berner and Rystedt, Hans},
  title = {Rationalities of collaboration for language learning in a wiki},
  journal = {ReCALL},
  year = {2010},
  volume = {22},
  pages = {247--265},
  number = {02},
  file = {:C\:\\papers_aksw\\2014\\Collaborative_Authoring_Survey\\papers\\local_118770.pdf:PDF},
  publisher = {Cambridge Univ Press}
}

@INPROCEEDINGS{Bratsas2009,
  author = {Bratsas, Charalampos and Kapsas, George and Konstantinidis, Stathis
	and Koutsouridis, Gregory and Bamidis, Panagiotis D},
  title = {A semantic wiki within moodle for Greek medical education},
  booktitle = {Computer-Based Medical Systems, 2009. CBMS 2009. 22nd IEEE International
	Symposium on},
  year = {2009},
  pages = {1--6},
  organization = {IEEE},
  file = {:C\:\\papers_aksw\\2014\\Collaborative_Authoring_Survey\\papers\\18.pdf:PDF}
}

@ARTICLE{britain2004review,
  author = {Britain, Sandy},
  title = {A review of learning design: concept, specifications and tools},
  journal = {A report for the JISC E-learning Pedagogy Programme},
  year = {2004},
  volume = {2006}
}

@BOOK{Brooks2006,
  title = {Awareness and collaboration in the ihelp courses content management
	system},
  publisher = {Springer},
  year = {2006},
  author = {Brooks, Christopher and Panesar, Rupi and Greer, Jim},
  file = {:C\:\\papers_aksw\\2014\\Collaborative_Authoring_Survey\\papers\\ec-tel2006_brooks_panesar_greer.pdf:PDF}
}

@INPROCEEDINGS{Bruckman2008,
  author = {Bruckman, Amy},
  title = {Social support for creativity and learning online},
  booktitle = {Digital Games and Intelligent Toys Based Education, 2008 Second IEEE
	International Conference on},
  year = {2008},
  pages = {3--7},
  organization = {IEEE},
  file = {:C\:\\papers_aksw\\2014\\Collaborative_Authoring_Survey\\papers\\04700721.pdf:PDF}
}

@INCOLLECTION{Brusilovsky2003,
  author = {Brusilovsky, Peter},
  title = {Developing adaptive educational hypermedia systems: From design models
	to authoring tools},
  booktitle = {Authoring Tools for Advanced Technology Learning Environments},
  publisher = {Springer},
  year = {2003},
  pages = {377--409},
  file = {:C\:\\papers_aksw\\2014\\Collaborative_Authoring_Survey\\papers\\KluwerAuthBook.pdf:PDF}
}

@ARTICLE{brusilovsky2001adaptive,
  author = {Brusilovsky, Peter},
  title = {Adaptive hypermedia},
  journal = {User modeling and user-adapted interaction},
  year = {2001},
  volume = {11},
  pages = {87--110},
  number = {1-2},
  publisher = {Springer}
}

@ARTICLE{bulterman2005synchronized,
  author = {Bulterman, Dick and Grassel, Guido and Jansen, Jack and Koivisto,
	Antti and Layaida, Nabil and Michel, Thierry and Mullender, Sjoerd
	and Zucker, Daniel},
  title = {Synchronized multimedia integration language (smil 2.1)},
  journal = {W3C Recommendation},
  year = {2005},
  volume = {13}
}

@ARTICLE{Cabada2011,
  author = {Cabada, Ram{\'o}n Zatarain and Barr{\'o}n Estrada, Mar{\'\i}a Luc{\'\i}a
	and Reyes Garc{\'\i}a, Carlos Alberto},
  title = {EDUCA: A web 2.0 authoring tool for developing adaptive and intelligent
	tutoring systems using a Kohonen network},
  journal = {Expert Systems with Applications},
  year = {2011},
  volume = {38},
  pages = {9522--9529},
  number = {8},
  file = {:C\:\\papers_aksw\\2014\\Collaborative_Authoring_Survey\\papers\\1-s2.0-S0957417411001783-main.pdf:PDF},
  publisher = {Elsevier}
}

@INPROCEEDINGS{Cabada2009,
  author = {Cabada, Ram{\'o}n Zatarain and Estrada, Mar{\'\i}a Luc{\'\i}a Barr{\'o}n
	and S{\'a}nchez, Guillermo Sandoval and Barrientos, Eduardo Ur{\'\i}as
	and Vel{\'a}zquez, Mois{\'e}s Osorio and Garc{\'\i}a, Carlos A Reyes},
  title = {EDUCA: A Web 2.0 collaborative, mobile and e-learning authoring system},
  booktitle = {Advanced Learning Technologies, 2009. ICALT 2009. Ninth IEEE International
	Conference on},
  year = {2009},
  pages = {287--289},
  organization = {IEEE},
  file = {:C\:\\papers_aksw\\2014\\Collaborative_Authoring_Survey\\papers\\3711a287.pdf:PDF}
}

@INPROCEEDINGS{Cai2010,
  author = {Cai, Jing and Zhou, Yueliang and Ruan, Gaofeng},
  title = {Learning activities design of a blended learning course based on
	public internet},
  booktitle = {Education Technology and Computer (ICETC), 2010 2nd International
	Conference on},
  year = {2010},
  volume = {3},
  pages = {V3--297},
  organization = {IEEE},
  file = {:C\:\\papers_aksw\\2014\\Collaborative_Authoring_Survey\\papers\\05529542.pdf:PDF}
}

@INPROCEEDINGS{Capuano2005,
  author = {Capuano, Nicola and Gaeta, Matteo and Pappacena, Laura},
  title = {An e-Learning Platform for SME Manager Upgrade and its Evolution
	Toward a Distributed Training Environment.},
  booktitle = {Towards the Learning Grid},
  year = {2005},
  pages = {136--144},
  file = {:C\:\\papers_aksw\\2014\\Collaborative_Authoring_Survey\\papers\\Capuano2-N-2003.pdf:PDF}
}

@INPROCEEDINGS{Carrington2010,
  author = {Carrington, David and Kim, Soon-Kyeong and Strooper, Paul},
  title = {An experience report on using collaboration technologies for distance
	and on-campus learning},
  booktitle = {Proceedings of the Twelfth Australasian Conference on Computing Education-Volume
	103},
  year = {2010},
  pages = {45--52},
  organization = {Australian Computer Society, Inc.},
  file = {:C\:\\papers_aksw\\2014\\Collaborative_Authoring_Survey\\papers\\CRPITV103Carrington.pdf:PDF}
}

@INPROCEEDINGS{Champion2005,
  author = {Champion, Erik and Sekiguchi, Sachiyo},
  title = {Suggestions for new features to support collaborative learning in
	virtual worlds},
  booktitle = {Creating, Connecting and Collaborating through Computing, 2005. C5
	2005. Third International Conference on},
  year = {2005},
  pages = {127--134},
  organization = {IEEE},
  file = {:C\:\\papers_aksw\\2014\\Collaborative_Authoring_Survey\\papers\\champion_suggest.pdf:PDF}
}

@ARTICLE{Chen2012,
  author = {Chen, Yu-Chien and Hwang, Ren-Hung and Wang, Cheng-Yu},
  title = {Development and evaluation of a Web 2.0 annotation system as a learning
	tool in an e-learning environment},
  journal = {Computers \& Education},
  year = {2012},
  volume = {58},
  pages = {1094--1105},
  number = {4},
  file = {:C\:\\papers_aksw\\2014\\Collaborative_Authoring_Survey\\papers\\Development-and-evaluation-of-a-Web-2.0-annotation-system-as-a-learning-tool-in-an-e-learning-environment-.pdf:PDF},
  publisher = {Elsevier}
}

@INPROCEEDINGS{Cheong2002,
  author = {Cheong, Soon Nyean and Kam, HS and Azhar, KM and Hanmandlu, Madasu},
  title = {A web-based collaborative enabled multimedia content authoring and
	management system for interactive and personalized online learning},
  booktitle = {Computers in Education, 2002. Proceedings. International Conference
	on},
  year = {2002},
  pages = {872--873},
  organization = {IEEE},
  file = {:C\:\\papers_aksw\\2014\\Collaborative_Authoring_Survey\\papers\\01186100.pdf:PDF}
}

@INPROCEEDINGS{Chiribuca2008,
  author = {Chiribuca, Dan and Hunyadi, Daniel and Popa, Emil M},
  title = {The educational semantic web},
  booktitle = {Proceedings of the 8th conference on Applied informatics and communications
	(AIC 08), Nikos E. Mastorakis, Metin Demiralp, Valeri Mladenov, and
	Zoran Bojkovic (Eds.). World Scientific and Engineering Academy and
	Society (WSEAS), Stevens Point, Wisconsin, USA},
  year = {2008},
  pages = {314--319},
  file = {:C\:\\papers_aksw\\2014\\Collaborative_Authoring_Survey\\papers\\aic50.pdf:PDF}
}

@INPROCEEDINGS{Claros2013,
  author = {Claros, Ivan and Cobos, Ruth},
  title = {Social Media Learning: An approach for composition of multimedia
	interactive object in a collaborative learning environment},
  booktitle = {Computer Supported Cooperative Work in Design (CSCWD), 2013 IEEE
	17th International Conference on},
  year = {2013},
  pages = {570--575},
  organization = {IEEE},
  file = {:C\:\\papers_aksw\\2014\\Collaborative_Authoring_Survey\\papers\\06581024.pdf:PDF}
}

@ARTICLE{Clear2008,
  author = {Clear, Tony},
  title = {Global collaboration in course delivery: are we there yet?},
  journal = {ACM SIGCSE Bulletin},
  year = {2008},
  volume = {40},
  pages = {11--12},
  number = {2},
  file = {:C\:\\papers_aksw\\2014\\Collaborative_Authoring_Survey\\papers\\p11-clear.pdf:PDF},
  publisher = {ACM}
}

@ARTICLE{Cochrane2013,
  author = {Cochrane, Thomas and Antonczak, Laurent and Wagner, Daniel},
  title = {Post-Web 2.0 Pedagogy: From Student-Generated Content to International
	Co-Production Enabled by Mobile Social Media},
  journal = {International Journal of Mobile and Blended Learning (IJMBL)},
  year = {2013},
  volume = {5},
  pages = {1--18},
  number = {4},
  file = {:C\:\\papers_aksw\\2014\\Collaborative_Authoring_Survey\\papers\\MLearn2012IJMBLv4.pdf:PDF},
  publisher = {IGI Global}
}

@ARTICLE{Conole2010,
  author = {Conole, Gr{\'a}inne and Culver, Juliette},
  title = {The design of Cloudworks: Applying social networking practice to
	foster the exchange of learning and teaching ideas and designs},
  journal = {Computers \& Education},
  year = {2010},
  volume = {54},
  pages = {679--692},
  number = {3},
  file = {:C\:\\papers_aksw\\2014\\Collaborative_Authoring_Survey\\papers\\F175E555.pdf:PDF},
  publisher = {Elsevier}
}

@ARTICLE{ims2003ims,
  author = {IMS Global Learning Consortium and others},
  title = {IMS learning design best practice and implementation guide},
  journal = {Final Specification},
  year = {2003},
  volume = {1}
}

@ARTICLE{Correia2013,
  author = {Correia, Ant{\'o}nio and Santos, Jorge and Azevedo, Diogo and Paredes,
	Hugo and Fonseca, Benjamim},
  title = {Putting “human crowds” in the loop of bibliography evaluation: a
	collaborative working environment for CSCW publications},
  journal = {Procedia Technology},
  year = {2013},
  volume = {9},
  pages = {573--583},
  file = {:C\:\\papers_aksw\\2014\\Collaborative_Authoring_Survey\\papers\\1-s2.0-S2212017313002181-main.pdf:PDF},
  publisher = {Elsevier}
}

@OTHER{CrinaDamsa,
  author = {Crina Damsa, Patrick Sins, Bert Reijnen},
  file = {:C\:\\papers_aksw\\2014\\Collaborative_Authoring_Survey\\papers\\p122-damsa.pdf:PDF},
  title = {PLearning through collaborative creation of shared knowledge objects:
	technological support and analytic challenges}
}

@INPROCEEDINGS{Cross2014,
  author = {Cross, Andrew and Bayyapunedi, Mydhili and Ravindran, Dilip and Cutrell,
	Edward and Thies, William},
  title = {VidWiki: enabling the crowd to improve the legibility of online educational
	videos},
  booktitle = {Proceedings of the 17th ACM conference on Computer supported cooperative
	work \& social computing},
  year = {2014},
  pages = {1167--1175},
  organization = {ACM},
  file = {:C\:\\papers_aksw\\2014\\Collaborative_Authoring_Survey\\papers\\VidWiki CSCW 2014.pdf:PDF}
}

@INPROCEEDINGS{Currier2002,
  author = {Currier, Sarah},
  title = {Integrating information resources and online learning in the UK},
  booktitle = {Computers in Education, 2002. Proceedings. International Conference
	on},
  year = {2002},
  pages = {818--822},
  organization = {IEEE},
  file = {:C\:\\papers_aksw\\2014\\Collaborative_Authoring_Survey\\papers\\01186083.pdf:PDF}
}

@INPROCEEDINGS{Dahlan2010,
  author = {Dahlan, Halina M and Ali, Ismail Mohamed and Hussin, Ab Razak Che},
  title = {Suitability of Collaborative Learning activities in Web 2.0 environment},
  booktitle = {User Science and Engineering (i-USEr), 2010 International Conference
	on},
  year = {2010},
  pages = {65--70},
  organization = {IEEE},
  file = {:C\:\\papers_aksw\\2014\\Collaborative_Authoring_Survey\\papers\\05716725.pdf:PDF}
}

@ARTICLE{Dai2013,
  author = {Dai, Peng and Lin, Christopher H and Weld, Daniel S and others},
  title = {POMDP-based control of workflows for crowdsourcing},
  journal = {Artificial Intelligence},
  year = {2013},
  volume = {202},
  pages = {52--85},
  file = {:C\:\\papers_aksw\\2014\\Collaborative_Authoring_Survey\\papers\\dai-aij13.pdf:PDF},
  publisher = {Elsevier}
}

@INPROCEEDINGS{de2009rss,
  author = {De Maio, Carmen and Fenza, Giuseppe and Loia, V and Senatore, S and
	Gaeta, M and Orciuoli, F},
  title = {RSS-generated contents through personalizing e-learning Agents},
  booktitle = {Intelligent Systems Design and Applications, 2009. ISDA'09. Ninth
	International Conference on},
  year = {2009},
  pages = {49--54},
  organization = {IEEE},
  file = {:C\:\\papers_aksw\\2014\\Collaborative_Authoring_Survey\\papers\\05362869.pdf:PDF}
}

@ARTICLE{dicheva2002collaborative,
  author = {Dicheva, Darina and Aroyo, Lora and Cristea, AI},
  title = {Collaborative courseware authoring support},
  journal = {CATE},
  year = {2002}
}

@ARTICLE{dicheva2004authoring,
  author = {Dicheva, Darina and Dichev, Christo and Sun, Yanli and Nao, Somath},
  title = {Authoring topic maps-based digital course libraries},
  journal = {Semantic Web Technologies for Adaptive Educational Hypermedia, Eindhoven},
  year = {2004},
  pages = {23--26}
}

@BOOK{dicheva2009semantic,
  title = {Semantic Web Technologies for E-learning},
  publisher = {IOS Press},
  year = {2009},
  author = {Dicheva, D. and Mizoguchi, R. and Greer, J.E.},
  series = {Future of learning},
  isbn = {9781607500629},
  lccn = {2009937771},
  url = {http://books.google.de/books?id=UDoSngEACAAJ}
}

@ARTICLE{dinucci1999design,
  author = {DiNucci, Darcy},
  title = {Design \& New Media: Fragmented Future-Web development faces a process
	of mitosis, mutation, and natural selection},
  journal = {PRINT-NEW YORK-},
  year = {1999},
  volume = {53},
  pages = {32--35},
  publisher = {BRUIL \& VAN DE STAAIJ}
}

@ARTICLE{dodero2002participative,
  author = {Dodero, Juan Manuel and Aedo, Ignacio and D{\'\i}az, Paloma},
  title = {Participative knowledge production of learning objects for e-books},
  journal = {Electronic Library, The},
  year = {2002},
  volume = {20},
  pages = {296--305},
  number = {4},
  publisher = {MCB UP Ltd}
}

@INPROCEEDINGS{Du2008,
  author = {Du, Bowei and Brewer, Eric A},
  title = {Dtwiki: a disconnection and intermittency tolerant wiki},
  booktitle = {Proceedings of the 17th international conference on World Wide Web},
  year = {2008},
  pages = {945--952},
  organization = {ACM},
  file = {:C\:\\papers_aksw\\2014\\Collaborative_Authoring_Survey\\papers\\p945-du4A.pdf:PDF}
}

@INPROCEEDINGS{Dyba2007,
  author = {Dyba, Tore and Dingsoyr, Torgeir and Hanssen, Geir K.},
  title = {Applying Systematic Reviews to Diverse Study Types: An Experience
	Report},
  booktitle = {Proceedings of the First International Symposium on Empirical Software
	Engineering and Measurement},
  year = {2007},
  series = {ESEM '07},
  pages = {225--234},
  address = {Washington, DC, USA},
  publisher = {IEEE Computer Society},
  acmid = {1302940},
  doi = {http://dx.doi.org/10.1109/ESEM.2007.21},
  isbn = {0-7695-2886-4},
  numpages = {10},
  owner = {ali1k},
  timestamp = {2011.07.26},
  url = {http://dx.doi.org/10.1109/ESEM.2007.21}
}

@INPROCEEDINGS{elrufaie2005wiki,
  author = {Elrufaie, Elharith and Turner, David A},
  title = {A Wiki Paradigm for use in IT courses},
  booktitle = {Information Technology: Coding and Computing, 2005. ITCC 2005. International
	Conference on},
  year = {2005},
  volume = {2},
  pages = {770--771},
  organization = {IEEE}
}

@ARTICLE{Feldstein2011,
  author = {Feldstein, Andrew},
  title = {Deconstructing wikipedia: collaborative content creation in an open
	process platform},
  journal = {Procedia-Social and Behavioral Sciences},
  year = {2011},
  volume = {26},
  pages = {76--84},
  file = {:C\:\\papers_aksw\\2014\\Collaborative_Authoring_Survey\\papers\\1-s2.0-S1877042811023913-main.pdf:PDF},
  publisher = {Elsevier}
}

@INPROCEEDINGS{Ferretti2008,
  author = {Ferretti, Stefano and Mirri, Silvia and Muratori, Ludovico Antonio
	and Roccetti, Marco and Salomoni, Paola},
  title = {E-learning 2.0: you are We-LCoME!},
  booktitle = {Proceedings of the 2008 international cross-disciplinary conference
	on Web accessibility (W4A)},
  year = {2008},
  pages = {116--125},
  organization = {ACM},
  file = {:C\:\\papers_aksw\\2014\\Collaborative_Authoring_Survey\\papers\\d912f50588dfe7e431.pdf:PDF}
}

@MISC{foord2007stolen,
  author = {Foord, D},
  title = {The STOLEN Principle Tick List, A6 Training and Consultancy},
  year = {2007}
}

@INPROCEEDINGS{Forte2007,
  author = {Forte, Andrea and Bruckman, Amy},
  title = {Constructing text:: Wiki as a toolkit for (collaborative?) learning},
  booktitle = {Proceedings of the 2007 international symposium on Wikis},
  year = {2007},
  pages = {31--42},
  organization = {ACM},
  file = {:C\:\\papers_aksw\\2014\\Collaborative_Authoring_Survey\\papers\\ForteBruckmanConstructingText.pdf:PDF}
}

@INPROCEEDINGS{Furlinger2004,
  author = {F{\"u}rlinger, Stefan and Auinger, Andreas and Stary, Christian},
  title = {Interactive Annotations in Web-based Learning Systems},
  booktitle = {The 4th IEEE International Conference on Advanced Learning Technologies,
	Joensu, Finnland},
  year = {2004},
  pages = {360--364},
  file = {:C\:\\papers_aksw\\2014\\Collaborative_Authoring_Survey\\papers\\sub-version.pdf:PDF}
}

@ARTICLE{garcia2005educational,
  author = {Garc{\'i}a, Francisco Jos{\'e} and Garc{\'i}a, Joaqu{\'i}n},
  title = {Educational hypermedia resources facilitator},
  journal = {Computers \& Education},
  year = {2005},
  volume = {44},
  pages = {301--325},
  number = {3},
  file = {:C\:\\papers_aksw\\2014\\Collaborative_Authoring_Survey\\papers\\1-s2.0-S0360131504000387-main.pdf:PDF},
  publisher = {Elsevier}
}

@INCOLLECTION{Ghali2009,
  author = {Ghali, Fawaz and Cristea, Alexandra I},
  title = {Social reference model for adaptive web learning},
  booktitle = {Advances in Web Based Learning--ICWL 2009},
  publisher = {Springer},
  year = {2009},
  pages = {162--171},
  file = {:C\:\\papers_aksw\\2014\\Collaborative_Authoring_Survey\\papers\\icwl6.pdf:PDF}
}

@INPROCEEDINGS{Giannoukos2008,
  author = {Giannoukos, Ioannis and Lykourentzou, Ioanna and Mpardis, Giorgos
	and Nikolopoulos, Vassilis and Loumos, Vassili and Kayafas, Eleftherios},
  title = {Collaborative e-learning environments enhanced by wiki technologies},
  booktitle = {Proceedings of the 1st international conference on PErvasive Technologies
	Related to Assistive Environments},
  year = {2008},
  pages = {59},
  organization = {ACM},
  file = {:C\:\\papers_aksw\\2014\\Collaborative_Authoring_Survey\\papers\\wiki.pdf:PDF}
}

@ARTICLE{Glover2007,
  author = {Glover, Ian and Xu, Zhijie and Hardaker, Glenn},
  title = {Online annotation--Research and practices},
  journal = {Computers \& Education},
  year = {2007},
  volume = {49},
  pages = {1308--1320},
  number = {4},
  file = {:C\:\\papers_aksw\\2014\\Collaborative_Authoring_Survey\\papers\\1-s2.0-S0360131506000455-main.pdf:PDF},
  publisher = {Elsevier}
}

@ARTICLE{Gokcearslan2011,
  author = {Gokcearslan, Sahin and Ozcan, Seher},
  title = {Place of wikis in learning and teaching process},
  journal = {Procedia-Social and Behavioral Sciences},
  year = {2011},
  volume = {28},
  pages = {481--485},
  file = {:C\:\\papers_aksw\\2014\\Collaborative_Authoring_Survey\\papers\\1-s2.0-S1877042811025316-main.pdf:PDF},
  publisher = {Elsevier}
}

@ARTICLE{Granic2009,
  author = {Grani{\'c}, Andrina and Mifsud, Charles and {\'C}uku{\v{s}}i{\'c},
	Maja},
  title = {Design, implementation and validation of a Europe-wide pedagogical
	framework for e-Learning},
  journal = {Computers \& Education},
  year = {2009},
  volume = {53},
  pages = {1052--1081},
  number = {4},
  file = {:C\:\\papers_aksw\\2014\\Collaborative_Authoring_Survey\\papers\\C&E Granic et-al 2009 - published.pdf:PDF},
  publisher = {Elsevier}
}

@ARTICLE{Greenhow2009,
  author = {Greenhow, Christine and Robelia, Beth and Hughes, Joan E},
  title = {Learning, teaching, and scholarship in a digital age Web 2.0 and
	classroom research: What path should we take now?},
  journal = {Educational Researcher},
  year = {2009},
  volume = {38},
  pages = {246--259},
  number = {4},
  file = {:C\:\\papers_aksw\\2014\\Collaborative_Authoring_Survey\\papers\\06418595.pdf:PDF},
  publisher = {SAGE Publications}
}

@INPROCEEDINGS{Gross2010,
  author = {Gro{\ss}, Andreas and Voigt, Sebastian and Janda, Thomas and Meinel,
	Christoph},
  title = {Technology based motivation of students to collaborate by digital
	annotations during real lecture and learning sessions},
  booktitle = {Proceedings of the 38th annual ACM SIGUCCS fall conference},
  year = {2010},
  pages = {61--64},
  organization = {ACM},
  file = {:C\:\\papers_aksw\\2014\\Collaborative_Authoring_Survey\\papers\\p61-gross.pdf:PDF}
}

@INPROCEEDINGS{Guo2008,
  author = {Guo, Yi and Schwaninger, Adrian and Gall, Harald},
  title = {An architecture for an adaptive and collaborative learning management
	system in aviation security},
  booktitle = {Workshop on Enabling Technologies: Infrastructure for Collaborative
	Enterprises, 2008. WETICE'08. IEEE 17th},
  year = {2008},
  pages = {165--170},
  organization = {IEEE},
  file = {:C\:\\papers_aksw\\2014\\Collaborative_Authoring_Survey\\papers\\GuoSchGal2008.pdf:PDF}
}

@INPROCEEDINGS{Halimi2011,
  author = {Halimi, Khaled and Seridi, Hassina and Faron-Zucker, Catherine},
  title = {Solearn: A social learning network},
  booktitle = {Computational Aspects of Social Networks (CASoN), 2011 International
	Conference on},
  year = {2011},
  pages = {130--135},
  organization = {IEEE},
  file = {:C\:\\papers_aksw\\2014\\Collaborative_Authoring_Survey\\papers\\06085931.pdf:PDF}
}

@INPROCEEDINGS{Hamer2006,
  author = {Hamer, John},
  title = {Some experiences with the contributing student approach},
  booktitle = {ACM SIGCSE Bulletin},
  year = {2006},
  volume = {38},
  number = {3},
  pages = {68--72},
  organization = {ACM},
  file = {:C\:\\papers_aksw\\2014\\Collaborative_Authoring_Survey\\papers\\p68-hamer.pdf:PDF}
}

@ARTICLE{hamid2010efficient,
  author = {Hamid, Awang and Tiawa, Dayang and Islam, Md and Alias, Norma and
	Omar, Abdul Hafidz and others},
  title = {An efficient authoring activities infrastructure design through grid
	portal technology},
  journal = {The 7th WSEAS International Conference on Engineering Education},
  year = {2010},
  pages = {146-151},
  file = {:C\:\\papers_aksw\\2014\\Collaborative_Authoring_Survey\\papers\\646-305_Downloaded_from_the_Website.pdf:PDF}
}

@ARTICLE{hartnell2006teachers,
  author = {Hartnell-Young, Elizabeth},
  title = {Teachers' roles and professional learning in communities of practice
	supported by technology in schools},
  journal = {Journal of Technology and Teacher Education},
  year = {2006},
  volume = {14},
  pages = {461},
  number = {3},
  publisher = {ASSOCIATION FOR THE ADVANCEMENT OF COMPUTING IN}
}

@ARTICLE{He2012,
  author = {He, Wu and Zhang, Shaoan and Strudler, Neal and Means, Tawnya},
  title = {Integrating a case library with blogs for lesson planning activities},
  journal = {International Journal of Learning Technology},
  year = {2012},
  volume = {7},
  pages = {133--153},
  number = {2},
  file = {:C\:\\papers_aksw\\2014\\Collaborative_Authoring_Survey\\papers\\He_Zhang_Strudler_Means_2012.pdf:PDF},
  publisher = {Inderscience}
}

@ARTICLE{Hernandez-Leo2011,
  author = {Hern{\'a}ndez-Leo, Davinia and Romeo, Lauren and Carralero, Miguel
	A and Chac{\'o}n, Jonathan and Carri{\'o}, Mar and Moreno, Pau and
	Blat, Josep},
  title = {LdShake: Learning design solutions sharing and co-edition},
  journal = {Computers \& Education},
  year = {2011},
  volume = {57},
  pages = {2249--2260},
  number = {4},
  file = {:C\:\\papers_aksw\\2014\\Collaborative_Authoring_Survey\\papers\\hernandez_ldshake.pdf:PDF},
  publisher = {Elsevier}
}

@INPROCEEDINGS{Hong2012,
  author = {Hong, Chuleui and Kim, Yeongjoon},
  title = {The multimedia authoring in collaborative e-learning system},
  booktitle = {Information Science and Service Science and Data Mining (ISSDM),
	2012 6th International Conference on New Trends in},
  year = {2012},
  pages = {158--161},
  organization = {IEEE},
  file = {:C\:\\papers_aksw\\2014\\Collaborative_Authoring_Survey\\papers\\06528620.pdf:PDF}
}

@ARTICLE{howe2006rise,
  author = {Howe, Jeff},
  title = {The rise of crowdsourcing},
  journal = {Wired magazine},
  year = {2006},
  volume = {14},
  pages = {1--4},
  number = {6}
}

@ARTICLE{Huang2009,
  author = {Huang, Shiu-Li and Yang, Chia-Wei},
  title = {Designing a semantic bliki system to support different types of knowledge
	and adaptive learning},
  journal = {Computers \& Education},
  year = {2009},
  volume = {53},
  pages = {701--712},
  number = {3},
  file = {:C\:\\papers_aksw\\2014\\Collaborative_Authoring_Survey\\papers\\1-s2.0-S036013150900102X-main.pdf:PDF},
  publisher = {Elsevier}
}

@ARTICLE{hubscher2003constructive,
  author = {H{\"u}bscher-Younger, Teresa and Narayanan, N Hari},
  title = {Constructive and collaborative learning of algorithms},
  journal = {ACM SIGCSE Bulletin},
  year = {2003},
  volume = {35},
  pages = {6--10},
  number = {1},
  publisher = {ACM}
}

@INPROCEEDINGS{Inoue2007,
  author = {Inoue, Tomoo and Yoshimura, Naoko and Sugimoto, Shigeo and Kando,
	Noriko},
  title = {Usability of a Content Construction System for Collaborative Learning.},
  booktitle = {ICALT},
  year = {2007},
  pages = {833--835},
  file = {:C\:\\papers_aksw\\2014\\Collaborative_Authoring_Survey\\papers\\icalt07short.pdf:PDF}
}

@INCOLLECTION{ireson2010knowledge,
  author = {Ireson, Neil and Burel, Gregoire},
  title = {Knowledge sharing in E-collaboration},
  booktitle = {Electronic Government},
  publisher = {Springer},
  year = {2010},
  pages = {351--362}
}

@ARTICLE{Isenhour2001,
  author = {Isenhour, Philip L. and Rosson, Mary Beth and Carroll, John M.},
  title = {Supporting interactive collaboration on the Web with CORK},
  journal = {Interacting with Computers},
  year = {2001},
  volume = {13},
  pages = {655--676},
  number = {6},
  file = {:C\:\\papers_aksw\\2014\\Collaborative_Authoring_Survey\\papers\\Interact. Comput.-2001-Isenhour-655-76.pdf:PDF},
  publisher = {Oxford University Press}
}

@ARTICLE{Jacobs2002,
  author = {Jacobs, Neil and Huxley, Lesly},
  title = {From static content to dynamic communities: the evolution of networked
	educational resources},
  journal = {Online Information Review},
  year = {2002},
  volume = {26},
  pages = {19--29},
  number = {1},
  file = {:C\:\\papers_aksw\\2014\\Collaborative_Authoring_Survey\\papers\\p19.pdf:PDF},
  publisher = {MCB UP Ltd}
}

@INPROCEEDINGS{Jiake2010,
  author = {Jiake, Lv and Wei, Zhou and Xuan, Wang},
  title = {Design and evaluation of a wiki-based collaborative learning environment
	for colleges computers compulsory education},
  booktitle = {Computer Science and Education (ICCSE), 2010 5th International Conference
	on},
  year = {2010},
  pages = {695--699},
  organization = {IEEE},
  file = {:C\:\\papers_aksw\\2014\\Collaborative_Authoring_Survey\\papers\\05593516.pdf:PDF}
}

@INPROCEEDINGS{Jimenez2006,
  author = {Jimenez, Guillermo and Garcia, Alejandro},
  title = {CCENet: Framework for Knowledge Based Collaborative Environments
	in Internet},
  booktitle = {Telecommunications, 2006. AICT-ICIW'06. International Conference
	on Internet and Web Applications and Services/Advanced International
	Conference on},
  year = {2006},
  pages = {198--198},
  organization = {IEEE},
  file = {:C\:\\papers_aksw\\2014\\Collaborative_Authoring_Survey\\papers\\01602331.pdf:PDF}
}

@ARTICLE{Johnson200145,
  author = {Christopher M Johnson},
  title = {A survey of current research on online communities of practice },
  journal = {The Internet and Higher Education },
  year = {2001},
  volume = {4},
  pages = {45 - 60},
  number = {1},
  doi = {http://dx.doi.org/10.1016/S1096-7516(01)00047-1},
  file = {:papers/1-s2.0-S1096751601000471-main.pdf:PDF},
  issn = {1096-7516},
  keywords = {Communities of practice},
  url = {http://www.sciencedirect.com/science/article/pii/S1096751601000471}
}

@INCOLLECTION{Jung2002,
  author = {Jung, Jo{\~a}o Luiz and Jaques, Patr{\'\i}cia Augustin and de Andrade,
	Adja Ferreira and Vicari, Rosa Maria},
  title = {The conception of agents as part of a social model of distance learning},
  booktitle = {Advances in artificial intelligence},
  publisher = {Springer},
  year = {2002},
  pages = {140--151},
  file = {:C\:\\papers_aksw\\2014\\Collaborative_Authoring_Survey\\papers\\60-oasamarzju.pdf:PDF}
}

@INPROCEEDINGS{Kargioti2010,
  author = {Kargioti, Eleni and Kourtesis, Dimitrios and Bibikas, Dimitris and
	Paraskakis, Iraklis and Boes, Ulrich},
  title = {MORMED: Towards a multilingual social networking platform facilitating
	Medicine 2.0},
  booktitle = {XII Mediterranean Conference on Medical and Biological Engineering
	and Computing 2010},
  year = {2010},
  pages = {971--974},
  organization = {Springer},
  file = {:C\:\\papers_aksw\\2014\\Collaborative_Authoring_Survey\\papers\\medicon2010.pdf:PDF}
}

@INPROCEEDINGS{Kim2009,
  author = {Kim, Jihyun and Jung, Yujung and Lim, Yoonsun and Kim, Myung and
	Noh, Sunsook},
  title = {An e-learning framework supporting personalization and collaboration},
  booktitle = {Proceedings of the 3rd International Conference on Ubiquitous Information
	Management and Communication},
  year = {2009},
  pages = {635--638},
  organization = {ACM},
  file = {:C\:\\papers_aksw\\2014\\Collaborative_Authoring_Survey\\papers\\p635-kim.pdf:PDF}
}

@TECHREPORT{Kitchenham2004,
  author = {Kitchenham, B.},
  title = {Procedures for performing systematic reviews},
  institution = {Keele University and NICTA},
  year = {2004},
  citeulike-article-id = {1191541},
  file = {:papers/Kitchenham-Systematic-Review-2004.pdf:PDF},
  journal = {Technical Report TR/SE-0401},
  keywords = {experimentation, review, systematic},
  owner = {ali1k},
  posted-at = {2007-03-28 15:07:38},
  priority = {4},
  timestamp = {2011.07.26}
}

@ARTICLE{koch1994design,
  author = {Koch, Michael},
  title = {Design issues and model for a distributed multi-user editor},
  journal = {Computer Supported Cooperative Work (CSCW)},
  year = {1994},
  volume = {3},
  pages = {359--378},
  number = {3-4},
  publisher = {Springer}
}

@INPROCEEDINGS{Kordaki2010,
  author = {Kordaki, Maria and Grigoriadou, Maria},
  title = {A Collaborative and Adaptive Design Pattern for the" Students Team
	Achievement Divisions' Method: An Implementation within Learning
	Design-Based E-learning Systems},
  booktitle = {Intelligent Networking and Collaborative Systems (INCOS), 2010 2nd
	International Conference on},
  year = {2010},
  pages = {437--442},
  organization = {IEEE},
  file = {:C\:\\papers_aksw\\2014\\Collaborative_Authoring_Survey\\papers\\C51.pdf:PDF}
}

@ARTICLE{ku2002student,
  author = {Ku, Heng-Yu and Sullivan, Howard J},
  title = {Student performance and attitudes using personalized mathematics
	instruction},
  journal = {Educational Technology Research and Development},
  year = {2002},
  volume = {50},
  pages = {21--34},
  number = {1},
  publisher = {Springer}
}

@ARTICLE{Lee2010,
  author = {Lee, Baozhen and Ge, Shilun},
  title = {Personalisation and sociability of open knowledge management based
	on social tagging},
  journal = {Online Information Review},
  year = {2010},
  volume = {34},
  pages = {618--625},
  number = {4},
  file = {:C\:\\papers_aksw\\2014\\Collaborative_Authoring_Survey\\papers\\1876482.pdf:PDF},
  publisher = {Emerald Group Publishing Limited}
}

@ARTICLE{Leinonen2010,
  author = {Leinonen, Teemu and Purma, Jukka and Poldoja, Hans and Toikkanen,
	Tarmo},
  title = {Information architecture and design solutions scaffolding authoring
	of open educational resources},
  journal = {Learning Technologies, IEEE Transactions on},
  year = {2010},
  volume = {3},
  pages = {116--128},
  number = {2},
  file = {:C\:\\papers_aksw\\2014\\Collaborative_Authoring_Survey\\papers\\InfoArchScaffolding_Teemu.pdf:PDF},
  publisher = {IEEE}
}

@INPROCEEDINGS{Leong2007,
  author = {Leong, Chon-Kit and Liu, Chien-Tsai},
  title = {Implementation of a Web-Based SCORM-compliant Authoring System},
  booktitle = {Innovative Computing, Information and Control, 2007. ICICIC'07. Second
	International Conference on},
  year = {2007},
  pages = {362--362},
  organization = {IEEE},
  __markedentry = {[darya:]},
  file = {:C\:\\papers_aksw\\2014\\Collaborative_Authoring_Survey\\papers\\04428004.pdf:PDF}
}

@INPROCEEDINGS{Leong2007a,
  author = {Leong, Chon-Kit and Liu, Chien-Tsai},
  title = {A Framework for Collaborate SCORM-Compliant Web-Based Authoring System},
  booktitle = {e-Health Networking, Application and Services, 2007 9th International
	Conference on},
  year = {2007},
  pages = {292--294},
  organization = {IEEE},
  file = {:C\:\\papers_aksw\\2014\\Collaborative_Authoring_Survey\\papers\\04265848.pdf:PDF}
}

@ARTICLE{Li2012,
  author = {Li, Jian-Wei and Chang, Yi-Chun and Chu, Chih-Ping and Tsai, Cheng-Chang},
  title = {A self-adjusting e-course generation process for personalized learning},
  journal = {Expert Systems with Applications},
  year = {2012},
  volume = {39},
  pages = {3223--3232},
  number = {3},
  file = {:C\:\\papers_aksw\\2014\\Collaborative_Authoring_Survey\\papers\\1-s2.0-S0957417411013182-main.pdf:PDF},
  publisher = {Elsevier}
}

@INPROCEEDINGS{Li2010a,
  author = {Li, Yanyan and Dong, Mingkai and Huang, Ronghuai},
  title = {Developing a collaborative e-learning environment based upon semantic
	wiki: from design models to application scenarios},
  booktitle = {Advanced Learning Technologies (ICALT), 2010 IEEE 10th International
	Conference on},
  year = {2010},
  pages = {222--226},
  organization = {IEEE},
  file = {:C\:\\papers_aksw\\2014\\Collaborative_Authoring_Survey\\papers\\05571269.pdf:PDF}
}

@INCOLLECTION{Li2010,
  author = {Li, Yanyan and Liu, Yuanyuan},
  title = {Building an online course based on semantic wiki for hybrid learning},
  booktitle = {Hybrid Learning},
  publisher = {Springer},
  year = {2010},
  pages = {217--228},
  file = {:C\:\\papers_aksw\\2014\\Collaborative_Authoring_Survey\\papers\\chp%3A10.1007%2F978-3-642-14657-2_20.pdf:PDF}
}

@INPROCEEDINGS{Li2009,
  author = {Li, Yunjia and Wald, Mike and Khoja, Shakeel and Wills, Gary and
	Millard, David and Kajaba, Jiri and Singh, Priyanka and Gilbert,
	Lester},
  title = {Synote: enhancing multimedia e-learning with synchronised annotation},
  booktitle = {Proceedings of the first ACM international workshop on Multimedia
	technologies for distance learning},
  year = {2009},
  pages = {9--18},
  organization = {ACM},
  file = {:C\:\\papers_aksw\\2014\\Collaborative_Authoring_Survey\\papers\\mtdl5147-li.pdf:PDF}
}

@TECHREPORT{learn_definition2002,
  author = {IEEE LTSC},
  title = {Learning Object definition},
  institution = {LTSC Learning Technology Standards Committee of the Institute of
	Electrical and Electronics Engineers (IEEE),},
  year = {2002},
  owner = {darya},
  timestamp = {2014.07.25}
}

@ARTICLE{Lundin2008,
  author = {Lundin, Rebecca Wilson},
  title = {Teaching with wikis: Toward a networked pedagogy},
  journal = {Computers and Composition},
  year = {2008},
  volume = {25},
  pages = {432--448},
  number = {4},
  file = {:C\:\\papers_aksw\\2014\\Collaborative_Authoring_Survey\\papers\\Teaching+with+Wikis.pdf:PDF},
  publisher = {Elsevier}
}

@INPROCEEDINGS{Luo2010,
  author = {Luo, Airong and Ng'ambi, Dick and Hanss, Ted},
  title = {Towards building a productive, scalable and sustainable collaboration
	model for open educational resources},
  booktitle = {Proceedings of the 16th ACM international conference on Supporting
	group work},
  year = {2010},
  pages = {273--282},
  organization = {ACM},
  file = {:C\:\\papers_aksw\\2014\\Collaborative_Authoring_Survey\\papers\\p273-luo.pdf:PDF}
}

@ARTICLE{Lykourentzou2010,
  author = {Lykourentzou, Ioanna and Papadaki, Katerina and Vergados, Dimitrios
	J and Polemi, Despina and Loumos, Vassili},
  title = {CorpWiki: A self-regulating wiki to promote corporate collective
	intelligence through expert peer matching},
  journal = {Information Sciences},
  year = {2010},
  volume = {180},
  pages = {18--38},
  number = {1},
  file = {:C\:\\papers_aksw\\2014\\Collaborative_Authoring_Survey\\papers\\CorpWiki.pdf:PDF},
  publisher = {Elsevier}
}

@ARTICLE{lopez1992effect,
  author = {L{\'o}pez, Cecilia L and Sullivan, Howard J},
  title = {Effect of personalization of instructional context on the achievement
	and attitudes of Hispanic students},
  journal = {Educational Technology Research and Development},
  year = {1992},
  volume = {40},
  pages = {5--14},
  number = {4},
  publisher = {Springer}
}

@INPROCEEDINGS{Marcilla2012,
  author = {Marcilla, Saenz and others},
  title = {Framework for the development and reuse of educational resources
	in the area of Information Systems Management for different degrees
	at a technical university},
  booktitle = {Proceedings of the 2012 IEEE Global Engineering Education Conference
	(EDUCON)},
  year = {2012},
  pages = {1--9},
  file = {:C\:\\papers_aksw\\2014\\Collaborative_Authoring_Survey\\papers\\06201184.pdf:PDF}
}

@INCOLLECTION{Mehm2012,
  author = {Mehm, Florian and Konert, Johannes and G{\"o}bel, Stefan and Steinmetz,
	Ralf},
  title = {An authoring tool for adaptive digital educational games},
  booktitle = {21st Century Learning for 21st Century Skills},
  publisher = {Springer},
  year = {2012},
  pages = {236--249},
  file = {:C\:\\papers_aksw\\2014\\Collaborative_Authoring_Survey\\papers\\MKGS12.pdf:PDF}
}

@INPROCEEDINGS{Miettinen2003,
  author = {Miettinen, Miikka and Nokelainen, Petri and Flor{\'e}en, Patrik and
	Tirri, Henry and Kurhila, Jaakko},
  title = {EDUCOSM-personalized writable Web for learning communities},
  booktitle = {Information Technology: Coding and Computing [Computers and Communications],
	2003. Proceedings. ITCC 2003. International Conference on},
  year = {2003},
  pages = {37--42},
  organization = {IEEE},
  file = {:C\:\\papers_aksw\\2014\\Collaborative_Authoring_Survey\\papers\\itcc2003.pdf:PDF}
}

@BOOK{moore2011distance,
  title = {Distance education: A systems view of online learning},
  publisher = {Cengage Learning},
  year = {2011},
  author = {Moore, Michael G and Kearsley, Greg}
}

@INPROCEEDINGS{Morimura2011,
  author = {Morimura, Kumiko and Entzinger, Jorg O and Suzuki, Shinji},
  title = {The" SNOWBALLS" web-based e-learning system and its development},
  booktitle = {Professional Communication Conference (IPCC), 2011 IEEE International},
  year = {2011},
  pages = {1--7},
  organization = {IEEE},
  file = {:C\:\\papers_aksw\\2014\\Collaborative_Authoring_Survey\\papers\\JorgEntzinger_IPCC2011_1.pdf:PDF}
}

@ARTICLE{Moxley2008,
  author = {Moxley, Joseph},
  title = {Datagogies, writing spaces, and the age of peer production},
  journal = {Computers and Composition},
  year = {2008},
  volume = {25},
  pages = {182--202},
  number = {2},
  file = {:C\:\\papers_aksw\\2014\\Collaborative_Authoring_Survey\\papers\\Datagogies Writing Spaces and the Age of Peer Production.pdf:PDF},
  publisher = {Elsevier}
}

@INCOLLECTION{mu2012research,
  author = {Mu, Su and Zhang, Xiuli and Zuo, Pingping},
  title = {Research on the construction of open education resources based on
	semantic wiki},
  booktitle = {Hybrid Learning},
  publisher = {Springer},
  year = {2012},
  pages = {283--293},
  file = {:C\:\\papers_aksw\\2014\\Collaborative_Authoring_Survey\\papers\\chp%3A10.1007%2F978-3-642-32018-7_27.pdf:PDF}
}

@INPROCEEDINGS{Moro2011,
  author = {M{\'o}ro, R{\'o}bert and Srba, Ivan and Un{\v{c}}{\'\i}k, Maro{\v{s}}
	and Bielikov{\'a}, M{\'a}ria and {\v{S}}imko, Mari{\'a}n},
  title = {Towards collaborative metadata enrichment for adaptive web-based
	learning},
  booktitle = {Proceedings of the 2011 IEEE/WIC/ACM International Conferences on
	Web Intelligence and Intelligent Agent Technology-Volume 03},
  year = {2011},
  pages = {106--109},
  organization = {IEEE Computer Society},
  file = {:C\:\\papers_aksw\\2014\\Collaborative_Authoring_Survey\\papers\\4513c106.pdf:PDF}
}

@INPROCEEDINGS{Nesic2008,
  author = {Nesic, Sasa and Gasevic, Dragan and Jazayeri, Mehdi},
  title = {Semantic document management for collaborative learning object authoring},
  booktitle = {Advanced Learning Technologies, 2008. ICALT'08. Eighth IEEE International
	Conference on},
  year = {2008},
  pages = {751--755},
  organization = {IEEE},
  file = {:C\:\\papers_aksw\\2014\\Collaborative_Authoring_Survey\\papers\\sdms-icalt.pdf:PDF}
}

@INPROCEEDINGS{Nesic2010,
  author = {Nesic, Sasa and Jazayeri, Mehdi and Landoni, Monica and Gasevic,
	Dragan},
  title = {Using semantic documents and social networking in authoring of course
	material: An empirical study},
  booktitle = {Advanced Learning Technologies (ICALT), 2010 IEEE 10th International
	Conference on},
  year = {2010},
  pages = {666--670},
  organization = {IEEE},
  file = {:C\:\\papers_aksw\\2014\\Collaborative_Authoring_Survey\\papers\\icalt2010.pdf:PDF}
}

@INPROCEEDINGS{nishino2006iec,
  author = {Nishino, Hiroaki and Yamabiraki, Shinji and Sueyoshi, Takuya and
	Mukai, Tomoaki and Kagawa, Tsuneo and Yoshida, Kazuyuki and Utsumiya,
	Kouichi},
  title = {An IEC-based Virtual Environment Authoring System for High School
	Education},
  booktitle = {Systems, Man and Cybernetics, 2006. SMC'06. IEEE International Conference
	on},
  year = {2006},
  volume = {1},
  pages = {203--208},
  organization = {IEEE},
  file = {:C\:\\papers_aksw\\2014\\Collaborative_Authoring_Survey\\papers\\04273830.pdf:PDF}
}

@INPROCEEDINGS{Nurjanah2011,
  author = {Nurjanah, Dade and Davis, Hugh C and Tiropanis, Thanassis},
  title = {Collaborative authoring of adaptive learning resources: Opportunities
	and challenges},
  booktitle = {Collaborative Computing: Networking, Applications and Worksharing
	(CollaborateCom), 2011 7th International Conference on},
  year = {2011},
  pages = {538--542},
  organization = {IEEE},
  file = {:C\:\\papers_aksw\\2014\\Collaborative_Authoring_Survey\\papers\\06144777.pdf:PDF}
}

@INPROCEEDINGS{Nurjanah2010,
  author = {Nurjanah, Dade and Davis, Hugh C and Tiropanis, Thanassis},
  title = {A framework of collaborative adaptation authoring},
  booktitle = {Collaborative Computing: Networking, Applications and Worksharing
	(CollaborateCom), 2010 6th International Conference on},
  year = {2010},
  pages = {1--6},
  organization = {IEEE},
  file = {:C\:\\papers_aksw\\2014\\Collaborative_Authoring_Survey\\papers\\icst.collaboratecom.2010.56.pdf:PDF}
}

@INPROCEEDINGS{Ola2009,
  author = {Ola, Ade G and Bada, Abiodun O and Omojokun, Emmanuel and Adekoya,
	A},
  title = {Actualizing learning and teaching best practices in online education
	with open architecture and standards},
  booktitle = {Proc. of International Conference on Information Security and Privacy},
  year = {2009},
  pages = {1790--511},
  file = {:C\:\\papers_aksw\\2014\\Collaborative_Authoring_Survey\\papers\\EACT-ISP-35.pdf:PDF}
}

@INPROCEEDINGS{Padron2003,
  author = {Padr{\'o}n, Carmen Luisa and Dodero, Juan Manuel and D{\'\i}az, Paloma
	and Aedo, Ignacio and Fern{\'a}ndez, Camino},
  title = {CARLOS: a collaborative authoring tool for reusable learning objects},
  booktitle = {Database and Expert Systems Applications, 2003. Proceedings. 14th
	International Workshop on},
  year = {2003},
  pages = {269--273},
  organization = {IEEE},
  file = {:C\:\\papers_aksw\\2014\\Collaborative_Authoring_Survey\\papers\\01232034.pdf:PDF}
}

@INCOLLECTION{Pansanato2007,
  author = {Pansanato, Luciano TE and Fortes, Renata PM},
  title = {System description: An orienteering strategy to browse semantically-enhanced
	educational wiki pages},
  booktitle = {The Semantic Web: Research and Applications},
  publisher = {Springer},
  year = {2007},
  pages = {809--818},
  file = {:C\:\\papers_aksw\\2014\\Collaborative_Authoring_Survey\\papers\\eswc07-pansanato.pdf:PDF}
}

@INPROCEEDINGS{Patricia2010,
  author = {Patricia, Cueva Carri{\'o}n Samanta and del Rocio, RMG and Elizabeth,
	RPA},
  title = {OER's production cycle with social authorship and semantic tools},
  booktitle = {Education Engineering (EDUCON), 2010 IEEE},
  year = {2010},
  pages = {121--128},
  organization = {IEEE},
  file = {:C\:\\papers_aksw\\2014\\Collaborative_Authoring_Survey\\papers\\2010S01C01.pdf:PDF}
}

@ARTICLE{Pea2004,
  author = {Pea, Roy and Mills, Michael and Rosen, Joseph and Dauber, Kenneth
	and Effelsberg, Wolfgang and Hoffert, Eric},
  title = {The diver project: Interactive digital video repurposing},
  journal = {MultiMedia, IEEE},
  year = {2004},
  volume = {11},
  pages = {54--61},
  number = {1},
  file = {:C\:\\papers_aksw\\2014\\Collaborative_Authoring_Survey\\papers\\A115_Pea_etal_04_IEEE.pdf:PDF},
  publisher = {IEEE}
}

@BOOK{peters2009folksonomies,
  title = {Folksonomies: Indexing and retrieval in Web 2.0},
  publisher = {Walter de Gruyter},
  year = {2009},
  author = {Peters, Isabella},
  volume = {1}
}

@INPROCEEDINGS{Peters2010,
  author = {Peters, Vanessa L and Slotta, James D},
  title = {Analyzing collaborative knowledge construction in secondary school
	biology},
  booktitle = {Proceedings of the 9th International Conference of the Learning Sciences-Volume
	1},
  year = {2010},
  pages = {548--555},
  organization = {International Society of the Learning Sciences},
  file = {:C\:\\papers_aksw\\2014\\Collaborative_Authoring_Survey\\papers\\p548-peters.pdf:PDF}
}

@ARTICLE{Porcello2013,
  author = {Porcello, Darrell and Hsi, Sherry},
  title = {Crowdsourcing and Curating Online Education Resources},
  journal = {Science},
  year = {2013},
  volume = {341},
  pages = {240--241},
  number = {6143},
  file = {:C\:\\papers_aksw\\2014\\Collaborative_Authoring_Survey\\papers\\Science-2013-Porcello-240-1.pdf:PDF},
  publisher = {American Association for the Advancement of Science}
}

@INPROCEEDINGS{posner1992people,
  author = {Posner, Ilona R and Baecker, Ronald M},
  title = {How people write together [groupware]},
  booktitle = {System Sciences, 1992. Proceedings of the Twenty-Fifth Hawaii International
	Conference on},
  year = {1992},
  volume = {4},
  pages = {127--138},
  organization = {IEEE}
}

@INCOLLECTION{read2011generation,
  author = {Read, Timothy and Ros, Salvador and Pastor, Rafael and Hernandez,
	Roberto and Rodrigo, Covadonga},
  title = {The generation and exploitation of open educational resources in
	virtual attendance in UNED},
  booktitle = {Advances in New Technologies, Interactive Interfaces, and Communicability},
  publisher = {Springer},
  year = {2011},
  pages = {132--141},
  file = {:C\:\\papers_aksw\\2014\\Collaborative_Authoring_Survey\\papers\\chp%3A10.1007%2F978-3-642-20810-2_14.pdf:PDF}
}

@ARTICLE{Reed2004,
  author = {Reed, Virginia A and Jernstedt, G Christian and Ballow, Mark and
	Bush, Robert K and Gewurz, Anita T and McGeady, Stephen J},
  title = {Developing resources to teach and assess the core competencies: a
	collaborative approach},
  journal = {Academic Medicine},
  year = {2004},
  volume = {79},
  pages = {1062--1066},
  number = {11},
  file = {:C\:\\papers_aksw\\2014\\Collaborative_Authoring_Survey\\papers\\00001888-200411000-00010.pdf:PDF},
  publisher = {LWW}
}

@INCOLLECTION{Rego2008,
  author = {Rego, Hugo and Moreira, Tiago and Morales, Erla and Garcia, Francisco
	Jos{\'e}},
  title = {Metadata and Knowledge Management Driven Web-Based Learning Information
	System},
  booktitle = {The Open Knowlege Society. A Computer Science and Information Systems
	Manifesto},
  publisher = {Springer},
  year = {2008},
  pages = {308--313},
  file = {:C\:\\papers_aksw\\2014\\Collaborative_Authoring_Survey\\papers\\chp%3A10.1007%2F978-3-540-87783-7_39.pdf:PDF}
}

@ARTICLE{Rich2009,
  author = {Rich, Peter J and Hannafin, Michael},
  title = {Video annotation tools technologies to scaffold, structure, and transform
	teacher reflection},
  journal = {Journal of Teacher Education},
  year = {2009},
  volume = {60},
  pages = {52--67},
  number = {1},
  file = {:C\:\\papers_aksw\\2014\\Collaborative_Authoring_Survey\\papers\\JTE328486_for web.qxd.pdf:PDF},
  publisher = {SAGE Publications}
}

@ARTICLE{Rivera2010,
  author = {Rivera, Adexe and Candela, Santiago and Garc{\'\i}a, Carmelo R},
  title = {WikiDIS: a case of collaborative content management system for educative
	community},
  journal = {Education},
  year = {2010},
  file = {:C\:\\papers_aksw\\2014\\Collaborative_Authoring_Survey\\papers\\2010S03F02.pdf:PDF}
}

@INPROCEEDINGS{Rodriguez-Artacho2011,
  author = {Rodriguez-Artacho, Miguel and Lapo, Paola Sarango and Roa, In{\'e}s
	Jara},
  title = {An application for the collaborative development of semantic content},
  booktitle = {Frontiers in Education Conference (FIE), 2011},
  year = {2011},
  pages = {T4E--1},
  organization = {IEEE},
  file = {:C\:\\papers_aksw\\2014\\Collaborative_Authoring_Survey\\papers\\1438.pdf:PDF}
}

@INPROCEEDINGS{Rodriguez-Artacho2010,
  author = {Rodriguez-Artacho, Miguel and Mayorga, Jos{\'e} I and Read, Tim M
	and Velez, Javier and Ros, Salvador and Rodrigo, Covadonga and Lorenzo,
	Emilio J and Delgado, Jos{\'e} Luis and B{\'a}rcena, Elena and Castro-Gil,
	Manuel and others},
  title = {Enhancing Authoring, Modelling and Collaboration in E-learning environments:
	UNED research outline in the context of E-Madrid excellence network},
  booktitle = {Education Engineering (EDUCON), 2010 IEEE},
  year = {2010},
  pages = {1137--1144},
  organization = {IEEE},
  file = {:C\:\\papers_aksw\\2014\\Collaborative_Authoring_Survey\\papers\\paper.pdf:PDF}
}

@INPROCEEDINGS{Romero-Moreno2007,
  author = {Romero-Moreno, Luisa M and Ortega, F Javier and Troyano, Jos{\'e}
	A},
  title = {Obtaining adaptation of virtual courses by using a collaborative
	tool and learning design},
  booktitle = {Proceedings of the 2007 Euro American conference on Telematics and
	information systems},
  year = {2007},
  pages = {42},
  organization = {ACM},
  file = {:C\:\\papers_aksw\\2014\\Collaborative_Authoring_Survey\\papers\\a42-romero-moreno.pdf:PDF}
}

@INPROCEEDINGS{roschelle1995construction,
  author = {Roschelle, Jeremy and Teasley, Stephanie D},
  title = {The construction of shared knowledge in collaborative problem solving},
  booktitle = {Computer supported collaborative learning},
  year = {1995},
  pages = {69--97},
  organization = {Springer}
}

@ARTICLE{Rosmala2012,
  author = {Rosmala, Dewi and others},
  title = {Study of Social Networking usage in Higher Education Environment},
  journal = {Procedia-Social and Behavioral Sciences},
  year = {2012},
  volume = {67},
  pages = {156--166},
  file = {:C\:\\papers_aksw\\2014\\Collaborative_Authoring_Survey\\papers\\STUDY OF SOCIAL NETWORKING USAGE.pdf:PDF},
  publisher = {Elsevier}
}

@INCOLLECTION{Ro.zewski2011,
  author = {R{\'o}{\.z}ewski, Przemys{\l}aw},
  title = {Model of community-build system for knowledge development},
  booktitle = {Computational Collective Intelligence. Technologies and Applications},
  publisher = {Springer},
  year = {2011},
  pages = {50--59},
  file = {:C\:\\papers_aksw\\2014\\Collaborative_Authoring_Survey\\papers\\chp%3A10.1007%2F978-3-642-23938-0_6.pdf:PDF}
}

@INCOLLECTION{rozewski2011motivation,
  author = {R{\'o}{\.z}ewski, Przemys{\l}aw and Kusztina, Emma},
  title = {Motivation Model in Community-Built System},
  booktitle = {Community-Built Databases},
  publisher = {Springer},
  year = {2011},
  pages = {183--204}
}

@ARTICLE{Santarosa2014,
  author = {Santarosa, Lucila and Conforto, D{\'e}bora and Machado, Rodrigo Prestes},
  title = {Whiteboard: Synchronism, accessibility, protagonism and collective
	authorship for human diversity on Web 2.0},
  journal = {Computers in Human Behavior},
  year = {2014},
  volume = {31},
  pages = {591--601},
  file = {:C\:\\papers_aksw\\2014\\Collaborative_Authoring_Survey\\papers\\1-s2.0-S0747563213002203-main.pdf:PDF},
  publisher = {Elsevier}
}

@ARTICLE{schlager2003teacher,
  author = {Schlager, Mark S and Fusco, Judith},
  title = {Teacher professional development, technology, and communities of
	practice: Are we putting the cart before the horse?},
  journal = {The Information Society},
  year = {2003},
  volume = {19},
  pages = {203--220},
  number = {3},
  publisher = {Taylor \& Francis}
}

@INPROCEEDINGS{Schroeter2004,
  author = {Schroeter, Ronald and Hunter, Jane and Kosovic, Douglas},
  title = {Filmed-collaborative video indexing, annotation, and discussion tools
	over broadband networks},
  booktitle = {Multimedia Modelling Conference, 2004. Proceedings. 10th International},
  year = {2004},
  pages = {346--353},
  organization = {IEEE},
  file = {:C\:\\papers_aksw\\2014\\Collaborative_Authoring_Survey\\papers\\schroeter-mmm04.pdf:PDF}
}

@ARTICLE{sheehy2008wiki,
  author = {Sheehy, Geofrey},
  title = {The Wiki as Knowledge Repository: Using a Wiki in a Community of
	Practice to Strengthen K-12 Education},
  journal = {TechTrends: Linking Research and Practice to Improve Learning},
  year = {2008},
  volume = {52},
  pages = {55--60},
  number = {6},
  file = {:papers/sheeby.pdf:PDF}
}

@ARTICLE{shepherd2000objects,
  author = {Shepherd, Clive},
  title = {Objects of interest},
  journal = {Brighton East Sussex: Fastrak Consulting Limited. Retrieved June},
  year = {2000},
  volume = {14},
  pages = {2005}
}

@ARTICLE{Shih2008,
  author = {Shih, Wen-Chung and Tseng, Shian-Shyong and Yang, Chao-Tung},
  title = {Wiki-based rapid prototyping for teaching-material design in e-Learning
	grids},
  journal = {Computers \& Education},
  year = {2008},
  volume = {51},
  pages = {1037--1057},
  number = {3},
  file = {:C\:\\papers_aksw\\2014\\Collaborative_Authoring_Survey\\papers\\1-s2.0-S0360131507001303-main.pdf:PDF},
  publisher = {Elsevier}
}

@INPROCEEDINGS{smith1995cooperative,
  author = {Smith, Karl A},
  title = {Cooperative learning: Effective teamwork for engineering classrooms},
  booktitle = {2013 IEEE Frontiers in Education Conference (FIE)},
  year = {1995},
  volume = {1},
  pages = {2b5--13},
  organization = {IEEE}
}

@INPROCEEDINGS{Staccini2007,
  author = {Staccini, Pascal and Bordonado, Christophe and Alet, Jerome and Joubert,
	Michel and Dufour, J-C and Fieschi, Marius},
  title = {A customized open source content management system to support collaborative
	distance learning: The j@ lon platform},
  booktitle = {Computer-Based Medical Systems, 2007. CBMS'07. Twentieth IEEE International
	Symposium on},
  year = {2007},
  pages = {651--656},
  organization = {IEEE},
  file = {:C\:\\papers_aksw\\2014\\Collaborative_Authoring_Survey\\papers\\04262722.pdf:PDF}
}

@ARTICLE{Stewart2002,
  author = {Stewart, Avare' and Kermani, Parviz and Mourad, Magda},
  title = {MediaMime: after-the-fact authoring annotation system for an e-learning
	environment},
  journal = {ACM SIGCSE Bulletin},
  year = {2002},
  volume = {34},
  pages = {243--243},
  number = {3},
  file = {:C\:\\papers_aksw\\2014\\Collaborative_Authoring_Survey\\papers\\p243-stewart.pdf:PDF},
  publisher = {ACM}
}

@ARTICLE{Strobel2008,
  author = {Strobel, Johannes and Jonassen, David H and Ionas, Ioan Gelu},
  title = {The evolution of a collaborative authoring system for non-linear
	hypertext: A design-based research study},
  journal = {Computers \& Education},
  year = {2008},
  volume = {51},
  pages = {67--85},
  number = {1},
  file = {:C\:\\papers_aksw\\2014\\Collaborative_Authoring_Survey\\papers\\60b7d5289aadf57bf9.pdf:PDF},
  publisher = {Elsevier}
}

@INPROCEEDINGS{tarasowa2013balanced,
  author = {Tarasowa, Darya and Auer, S{\"o}ren},
  title = {Balanced Scoring Method for Multiple-mark Questions.},
  booktitle = {CSEDU},
  year = {2013},
  pages = {411--416}
}

@ARTICLE{Tarasowa2014,
  author = {Tarasowa, Darya and Auer, S{\"o}ren and Khalili, Ali and Unbehauen,
	J{\"o}rg},
  title = {Crowd-sourcing (semantically) Structured Multilingual Educational
	Content (CoSMEC)},
  journal = {Open Praxis},
  year = {2014},
  volume = {6},
  pages = {159--170},
  number = {2},
  file = {:C\:\\papers_aksw\\2014\\Collaborative_Authoring_Survey\\papers\\117-545-3-PB.pdf:PDF}
}

@INPROCEEDINGS{Tarasowa2013,
  author = {Tarasowa, Darya and Khalili, Ali and Auer, S{\"o}ren and Unbehauen,
	J{\"o}rg},
  title = {CrowdLearn: Crowd-sourcing the Creation of Highly-structured e-Learning
	Content.},
  booktitle = {CSEDU},
  year = {2013},
  pages = {33--42},
  file = {:C\:\\papers_aksw\\2014\\Collaborative_Authoring_Survey\\papers\\public.pdf:PDF}
}

@ARTICLE{Thurzo2009,
  author = {Thurzo, A and Stanko, P and Urbanova, W and Lysy, J and Suchancova,
	B and Makovnik, M and Javorka, V},
  title = {The WEB 2.0 induced paradigm shift in the e-learning and the role
	of crowdsourcing in dental education.},
  journal = {Bratislavsk{\'e} lek{\'a}rske listy},
  year = {2009},
  volume = {111},
  pages = {168--175},
  number = {3},
  file = {:C\:\\papers_aksw\\2014\\Collaborative_Authoring_Survey\\papers\\11103-14.pdf:PDF}
}

@ARTICLE{Tissenbaum2012,
  author = {Tissenbaum, Mike and Lui, Michelle and Slotta, James D},
  title = {Co-Designing Collaborative Smart Classroom Curriculum for Secondary
	School Science.},
  journal = {J. UCS},
  year = {2012},
  volume = {18},
  pages = {327--352},
  number = {3},
  file = {:C\:\\papers_aksw\\2014\\Collaborative_Authoring_Survey\\papers\\JUCS_TissenbaumLuiSlotta.pdf:PDF}
}

@ARTICLE{Tellez2008,
  author = {T{\'e}llez, Alberto Gonz{\'a}lez},
  title = {Authoring multimedia learning material using open standards and free
	software},
  journal = {Interactive Technology and Smart Education},
  year = {2008},
  volume = {4},
  pages = {192--199},
  number = {4},
  file = {:C\:\\papers_aksw\\2014\\Collaborative_Authoring_Survey\\papers\\1715010.pdf:PDF},
  publisher = {Emerald Group Publishing Limited}
}

@INPROCEEDINGS{Uncik2010,
  author = {Unc{\'\i}k, Maros and Bielikov{\'a}, M{\'a}ria},
  title = {Annotating educational content by questions created by learners},
  booktitle = {Semantic Media Adaptation and Personalization (SMAP), 2010 5th International
	Workshop on},
  year = {2010},
  pages = {13--18},
  organization = {IEEE},
  file = {:C\:\\papers_aksw\\2014\\Collaborative_Authoring_Survey\\papers\\uncik-bielik-smap2010.pdf:PDF}
}

@ARTICLE{walton2011information,
  author = {Walton, G. and Pope, A.},
  title = {Information Literacy: Infiltrating the Agenda, Challenging Minds},
  year = {2011},
  isbn = {9781780632650},
  publisher = {Elsevier Science},
  series = {Chandos Information Professional Series},
  url = {http://books.google.de/books?id=ZhZtAgAAQBAJ}
}

@INPROCEEDINGS{wang2004extending,
  author = {Wang, Chien-min and Turner, David},
  title = {Extending the wiki paradigm for use in the classroom},
  booktitle = {Information Technology: Coding and Computing, 2004. Proceedings.
	ITCC 2004. International Conference on},
  year = {2004},
  volume = {1},
  pages = {255--259},
  organization = {IEEE}
}

@ARTICLE{wang2012extracting,
  author = {Wang, Feng-Hsu},
  title = {On extracting recommendation knowledge for personalized web-based
	learning based on ant colony optimization with segmented-goal and
	meta-control strategies},
  journal = {Expert Systems with Applications},
  year = {2012},
  volume = {39},
  pages = {6446--6453},
  number = {7},
  publisher = {Elsevier}
}

@INPROCEEDINGS{Wang2010,
  author = {Wang, Zhao-hong},
  title = {The Study of the Educational Resources Sharing Model Based on Grids},
  booktitle = {Database Technology and Applications (DBTA), 2010 2nd International
	Workshop on},
  year = {2010},
  pages = {1--4},
  organization = {IEEE},
  file = {:C\:\\papers_aksw\\2014\\Collaborative_Authoring_Survey\\papers\\05659114.pdf:PDF}
}

@BOOK{wenger1998communities,
  title = {Communities of practice: Learning, meaning, and identity},
  publisher = {Cambridge university press},
  year = {1998},
  author = {Wenger, Etienne}
}

@ARTICLE{whitehead1998webdav,
  author = {Whitehead Jr, E James and Wiggins, Meredith},
  title = {WebDAV: IEFT standard for collaborative authoring on the Web},
  journal = {Internet Computing, IEEE},
  year = {1998},
  volume = {2},
  pages = {34--40},
  number = {5},
  publisher = {IEEE}
}

@BOOK{wiley2003connecting,
  title = {Connecting learning objects to instructional design theory: A definition,
	a metaphor, and a taxonomy},
  year = {2003},
  author = {Wiley, David A}
}

@ARTICLE{Wilson2004,
  author = {Wilson, E Vance},
  title = {ExamNet asynchronous learning network: augmenting face-to-face courses
	with student-developed exam questions},
  journal = {Computers \& Education},
  year = {2004},
  volume = {42},
  pages = {87--107},
  number = {1},
  file = {:C\:\\papers_aksw\\2014\\Collaborative_Authoring_Survey\\papers\\1-s2.0-S0360131503000666-main.pdf:PDF},
  publisher = {Elsevier}
}

@INPROCEEDINGS{Wong2010,
  author = {Wong, GKW and Chow, WWY and Wong, KHM and Chow, SKK and Lam, JCH
	and Cheung, HY},
  title = {An implementation of Sakai open source course management system in
	post-secondary education},
  booktitle = {Educational and Information Technology (ICEIT), 2010 International
	Conference on},
  year = {2010},
  volume = {2},
  pages = {V2--474},
  organization = {IEEE},
  file = {:C\:\\papers_aksw\\2014\\Collaborative_Authoring_Survey\\papers\\05607619.pdf:PDF}
}

@INPROCEEDINGS{yang20088c,
  author = {Yang, T Andrew and Kim, Dan J and Dhalwani, Vishal and Vu, Tri K},
  title = {The 8C framework as a reference model for collaborative value Webs
	in the context of Web 2.0},
  booktitle = {Hawaii International Conference on System Sciences, Proceedings of
	the 41st Annual},
  year = {2008},
  pages = {319--319},
  organization = {IEEE}
}

@INPROCEEDINGS{Yuan2005,
  author = {Yuan, Fei and Mitsuhara, Hiroyuki and Kanenishi, Kazuhide and Yano,
	Yoneo},
  title = {A Web-based collaborative authoring system for Web educational material
	with high reusability},
  booktitle = {Active Media Technology, 2005.(AMT 2005). Proceedings of the 2005
	International Conference on},
  year = {2005},
  pages = {193--198},
  organization = {IEEE},
  file = {:C\:\\papers_aksw\\2014\\Collaborative_Authoring_Survey\\papers\\01505306.pdf:PDF}
}

@INPROCEEDINGS{Zhang2007,
  author = {Zhang, Hong and Su, Hongjun},
  title = {A Collaborative System for Software Engineering Education},
  booktitle = {Computer Software and Applications Conference, 2007. COMPSAC 2007.
	31st Annual International},
  year = {2007},
  volume = {2},
  pages = {313--318},
  organization = {IEEE},
  file = {:C\:\\papers_aksw\\2014\\Collaborative_Authoring_Survey\\papers\\04291141.pdf:PDF}
}

@ARTICLE{zhuge2003active,
  author = {Zhuge, Hai},
  title = {Active e-document framework ADF: model and tool},
  journal = {Information \& management},
  year = {2003},
  volume = {41},
  pages = {87--97},
  number = {1},
  publisher = {Elsevier}
}

