@article{cosmec,
	Author = {Tarasowa, Darya and Auer, S{\"o}ren and Khalili, Ali and Unbehauen, J{\"o}rg},
	Journal = {Open Praxis},
	Number = {2},
	Pages = {159--170},
	Title = {Crowd-sourcing (semantically) Structured Multilingual Educational Content (CoSMEC)},
	Volume = {6},
	Year = {2014}
}


@article{small_journal,
	Author = {Auer, S{\"o}ren and Khalili, Ali and Tarasowa, Darya},
	Journal = {International Journal of Emerging Technologies in Learning (iJET)},
	Number = {1},
	Title = {Crowd-sourced Open Courseware Authoring with SlideWiki.org},
	Url = {https://online-journals.org/index.php/i-jet/article/viewArticle/2539},
	Volume = {8},
	Year = {2013}
}

@inproceedings{ekaw_org,
	Author = {Ali Khalili and S{\"o}ren Auer and Darya Tarasowa and Ivan Ermilov},
	Booktitle = {Proceedings of the EKAW 2012},
	Publisher = {Springer},
	Series = {Lecture Notes in Computer Science (LNCS) 7603},
	Title = {SlideWiki: Elicitation and Sharing of Corporate Knowledge using Presentations},
	Url = {http://svn.aksw.org/papers/2012/EKAW_SlideWiki/camera-ready/public.pdf},
	Year = {2012}
}


@inproceedings{csedu_scoring,
	Author = {Darya Tarasowa and S{\"o}ren Auer},
	Booktitle = {5th International Conference on Computer Supported Education (CSEDU 2013 )},
	Title = {Balanced scoring method for multiple-mark questions},
	Url = {http://svn.aksw.org/papers/2013/CSEDU2013_Balanced_scoring/public.pdf},
	Year = {2013}
}

@inproceedings{kesw_slidewiki,
	Author = {Darya Tarasowa and Ali Khalili and S{\"o}ren Auer},
	Booktitle = {Proceedings of the KESW 2012},
	Title = {CrowdLearn: Collaborative Engineering of (semi-)Structured Learning Objects},
	Url = {http://svn.aksw.org/papers/2012/KESW_crowdlearn/public.pdf},
	Year = {2012}
}

@inproceedings{csedu_slidewiki,
	Author = {Darya Tarasowa and Ali Khalili and S{\"o}ren Auer and J{\"o}rg Unbehauen},
	Booktitle = {5th International Conference on Computer Supported Education (CSEDU 2013 )},
	Pages = {33--42},
	Title = {CrowdLearn: Crowd-sourcing the Creation of Highly-structured E-Learning Content},
	Url = {http://svn.aksw.org/papers/2013/CSEDU2013_SlideWiki/public.pdf},
	Year = {2013}
}

@article{paid_journal,
	Author = {Darya Tarasowa and Ali Khalili and S{\"{o}}ren Auer},
	Journal = {iJEP},
	Number = {4},
	Pages = {47--54},
	Title = {CrowdLearn: Crowd-sourcing the Creation of Highly-structured E-Learning Content},
	Url = {http://www.online-journals.org/index.php/i-jep/article/view/4951},
	Volume = {5},
	Year = {2015}
}

@incollection{russian_book,
	Author = {Tarasowa, Darya and Auer, S{\"o}ren},
	Booktitle = {Open Data for Education},
	Pages = {103--131},
	Publisher = {Springer International Publishing},
	Title = {Collaborative Authoring of OpenCourseWare: The Best Practices and Complex Solution},
	Url = {http://link.springer.com/chapter/10.1007/978-3-319-30493-9_6},
	Year = {2016}
}

@inproceedings{rdb2rdf,
	Author = {Tarasowa, Darya and Lange, Christoph and Auer, S{\"o}ren},
	Pages = {210--224},
	Title = {Measuring the Quality of Relational-to-RDF Mappings},
	Url = {https://www.researchgate.net/publication/283855271_Measuring_the_Quality_of_Relational-to-RDF_Mappings},
        Year = {2015},
	Booktitle = {Proceedings of the KESW 2015},

}